<record><leader>00000cas a22000007a 4500</leader><controlfield tag="001">14687169</controlfield><controlfield tag="008">861107d18591868wiuwr ne      0    0eng d</controlfield><datafield ind1=" " ind2=" " tag="010"><subfield code="a">sn 86086769 </subfield></datafield><datafield ind1=" " ind2=" " tag="040"><subfield code="a">NPV</subfield><subfield code="b">eng</subfield><subfield code="c">NPV</subfield><subfield code="d">OCLCQ</subfield></datafield><datafield ind1=" " ind2=" " tag="042"><subfield code="a">msc</subfield></datafield><datafield ind1="0" ind2="0" tag="245"><subfield code="a">Mineral Point weekly tribune.</subfield></datafield><datafield ind1="1" ind2="3" tag="246"><subfield code="a">Weekly tribune</subfield></datafield><datafield ind1="3" ind2="0" tag="246"><subfield code="a">Tribune</subfield></datafield><datafield ind1=" " ind2=" " tag="260"><subfield code="a">Mineral Point, Wis. :</subfield><subfield code="b">Geo. W. Bliss &amp; Ed. U. Bliss,</subfield><subfield code="c">1859-1868.</subfield></datafield><datafield ind1=" " ind2=" " tag="300"><subfield code="a">v.</subfield></datafield><datafield ind1=" " ind2=" " tag="310"><subfield code="a">Weekly</subfield></datafield><datafield ind1="0" ind2=" " tag="362"><subfield code="a">Vol. 12, no. 1 (Jan. 4, 1859)-v. 21, no. 52 (Dec. 23, 1868).</subfield></datafield><datafield ind1=" " ind2=" " tag="500"><subfield code="a">Publisher varies.</subfield></datafield><datafield ind1=" " ind2=" " tag="752"><subfield code="a">United States</subfield><subfield code="b">Wisconsin</subfield><subfield code="c">Iowa</subfield><subfield code="d">Mineral Point.</subfield></datafield><datafield ind1="0" ind2="0" tag="780"><subfield code="t">Mineral Point tribune (Mineral Point, Wis. : 1854)</subfield><subfield code="w">(DLC)sn 85033189</subfield><subfield code="w">(OCoLC)11738325</subfield></datafield><datafield ind1="0" ind2="0" tag="785"><subfield code="t">Mineral Point tribune (Mineral Point, Wis. : 1869)</subfield><subfield code="w">(DLC)sn 86086770</subfield><subfield code="w">(OCoLC)14687259</subfield></datafield></record>